@MISC{Note1,note="The timbre is a subjective and complex characteristic. Physicaly, the timbre is multidimentionsl and given by the temporal dinamics behavior of enegy in spectral components that are harmonic or noisy. Beyond that, the word timbre is used to designate different things: one same note has different timbres, a same instrument has different timbres, two intruments of the same family possesses the same timbre that blends them in the same family and different timbres as they are different instruments. It is worth to mention that not all that is associated to timbre is manifested in spectral traces, even cultural or circunstancial aspects alter our perception of timbre"}
