@Article{ Fulano,
	Author = "CR Newman and CD Frisbie and DA {da Silva} and JL Bredas and PC Ewbank and KR Mann",
	Title = "{Introduction to organic thin film transistors and design of n-channel organic semiconductors}",
	Journal = "{Chemistry of Materials}",
	Year = "{2004}",
	Volume = "v." # {16},
	Number = "{23}",
	Pages = "{4436--4451}",
	Month = "{Nov}",
	DOI = "{10.1021/cm049391x}",
	ISSN = "{0897-4756}",
	Unique-ID = "{ISI:000225078600008}"
}

@Article{ Cicrano,
	Author = "CR Newman and CD Frisbie and DA {da SILVA}",
	Title = "{Introduction to organic thin film transistors and design of n-channel organic semiconductors}",
	Journal = "{Chemistry of Materials}",
	Year = "{2004}",
	Volume = "v. " # {{16}},
	Number = "{23}",
	Pages = "{4436--4451}",
	Month = "{Nov}",
	DOI = "{10.1021/cm049391x}",
	ISSN = "{0897-4756}",
	Unique-ID = "{ISI:000225078600008}"
}

@Article{ JuanPerez,
	Author = "CD Dimitrakopoulos and DJ Mascaro",
	Title = "{Organic thin-film transistors: a review of recent advances}",
	Journal = "{IBM Journal of Research and Development}",
	Year = "{2001}",
	Volume = "v. " # {{45}},
	Number = "{1}",
	Pages = "{11--27}",
	Month = "{Jan}",
	ISSN = "{0018-8646}",
	Unique-ID = "{ISI:000167725000002}"
}

@Book{ JeanDupont,
	title = "Introduction to solid state physics",
	author = "Charles Kittel",
	publisher = "John Willey \& Songs",
	address = "Hoboken, NJ",
	edition = "8",
	year = "2005",
	isbn = "0-471-41526-X"
}

@Misc{ FredNerk,
	furtherresp = "Produced by J. Drummond",
	title = "Book announcement 13 may 1997",
	url = "http://www.bdt.org.br/bioline/DBSearch?BIOLINE-L+READC+57",
	urlaccessdate = "25 nov. 1998"
}

@Misc{ SoLinhadoTempo,
        furtherresp = "Wikipedia Foundation",
        title = "Linha do tempo de SO na Wikipedia",
        url = "http://en.wikipedia.org/wiki/Timeline_of_operating_systems",
        urlaccessdate = "22 ago. 2011"
}

@Misc{ dmicrotuts,
        furtherresp = "Renato Fabbri",
        title = "12 Microtutoriais para iniciação em Django",
        url = "http://wiki.nosdigitais.teia.org.br/Microtutoriais",
        urlaccessdate = "22 ago. 2011"
}